@article{dl_medical_imaging,
    author = {Shen, Dinggang and Wu, Guorong and Suk, Heung-Il},
    title = {Deep Learning in Medical Image Analysis},
    journal = {Annual Review of Biomedical Engineering},
    volume = {19},
    number = {1},
    pages = {221-248},
    year = {2017},
    doi = {10.1146/annurev-bioeng-071516-044442},
    note = {PMID: 28301734},

    URL = {
    https://doi.org/10.1146/annurev-bioeng-071516-044442

},
    eprint = {
    https://doi.org/10.1146/annurev-bioeng-071516-044442

}
}

@article{mammary,
    author = {McKinney SM and Sieniek M and Godbole V and Godwin J and Antropova N and Ashrafian H and Back T and Chesus M and Corrado GS and Darzi A and Etemadi M and Garcia-Vicente F and Gilbert FJ and Halling-Brown M and Hassabis D and Jansen S and Karthikesalingam A and Kelly CJ and King D and Ledsam JR and Melnick D and Mostofi H and Peng L and Reicher JJ and Romera-Paredes B and Sidebottom R and Suleyman M and Tse D and Young KC and De Fauw J and Shetty S.},
    year = {2020},
    month = {01},
    title = { International evaluation of an AI system for breast cancer screening},
    volume = {2020},
    journal = {Nature},
    doi = {10.1038/s41586-019-1799-6}
}

@article{pneumonia,
    doi = {10.1371/journal.pmed.1002683},
    author = {Zech, John R. AND Badgeley, Marcus A. AND Liu, Manway AND Costa, Anthony B. AND Titano, Joseph J. AND Oermann, Eric Karl},
    journal = {PLOS Medicine},
    publisher = {Public Library of Science},
    title = {Variable generalization performance of a deep learning model to detect pneumonia in chest radiographs: A cross-sectional study},
    year = {2018},
    month = {11},
    volume = {15},
    url = {https://doi.org/10.1371/journal.pmed.1002683},
    pages = {1-17},
    number = {11}
}

@misc{bayesian,
    title = {The Case for Bayesian Deep Learning},
    author = {Andrew Gordon Wilson},
    year = {2020},
    eprint = {2001.10995},
    archivePrefix = {arXiv},
    primaryClass = {cs.LG}
}

@article{Shortcut,
    title = {Shortcut learning in deep neural networks},
    volume = {2},
    ISSN = {2522-5839},
    url = {http://dx.doi.org/10.1038/s42256-020-00257-z},
    DOI = {10.1038/s42256-020-00257-z},
    number = {11},
    journal = {Nature Machine Intelligence},
    publisher = {Springer Science and Business Media LLC},
    author = {Geirhos, Robert and Jacobsen, Jörn-Henrik and Michaelis, Claudio and Zemel, Richard and Brendel, Wieland and Bethge, Matthias and Wichmann, Felix A.},
    year = {2020},
    month = {Nov},
    pages = {665–673}
}

@misc{texturebias,
    title = {ImageNet-trained CNNs are biased towards texture; increasing shape bias improves accuracy and robustness},
    author = {Robert Geirhos and Patricia Rubisch and Claudio Michaelis and Matthias Bethge and Felix A. Wichmann and Wieland Brendel},
    year = {2019},
    eprint = {1811.12231},
    archivePrefix = {arXiv},
    primaryClass = {cs.CV}
}

@misc{adversarial_attacks_hurt,
    title = {Adversarial Training Can Hurt Generalization},
    author = {Aditi Raghunathan and Sang Michael Xie and Fanny Yang and John C. Duchi and Percy Liang},
    year = {2019},
    eprint = {1906.06032},
    archivePrefix = {arXiv},
    primaryClass = {cs.LG}
}
@misc{adversarial_bugs_features,
    title = {Adversarial Examples Are Not Bugs, They Are Features},
    author = {Andrew Ilyas and Shibani Santurkar and Dimitris Tsipras and Logan Engstrom and Brandon Tran and Aleksander Madry},
    year = {2019},
    eprint = {1905.02175},
    archivePrefix = {arXiv},
    primaryClass = {stat.ML}
}

@misc{imagetoimage,
    title = {Multimodal Unsupervised Image-to-Image Translation},
    author = {Xun Huang and Ming-Yu Liu and Serge Belongie and Jan Kautz},
    year = {2018},
    eprint = {1804.04732},
    archivePrefix = {arXiv},
    primaryClass = {cs.CV}
}
@misc{ross2017right,
    title = {Right for the Right Reasons: Training Differentiable Models by Constraining their Explanations},
    author = {Andrew Slavin Ross and Michael C. Hughes and Finale Doshi-Velez},
    year = {2017},
    eprint = {1703.03717},
    archivePrefix = {arXiv},
    primaryClass = {cs.LG}
}
@article{synthetic2,
    title = {Optimising realism of synthetic images using cycle generative adversarial networks for improved part segmentation},
    journal = {Computers and Electronics in Agriculture},
    volume = {173},
    pages = {105378},
    year = {2020},
    issn = {0168-1699},
    doi = {https://doi.org/10.1016/j.compag.2020.105378},
    url = {https://www.sciencedirect.com/science/article/pii/S0168169919320794},
    author = {R. Barth and J. Hemming and E.J. {Van Henten}},
    keywords = {Synthetic dataset, Semantic segmentation, 3D modelling, Agriculture, Robotics},
}

@misc{anomaly,
    title = {A Survey on GANs for Anomaly Detection},
    author = {Federico Di Mattia and Paolo Galeone and Michele De Simoni and Emanuele Ghelfi},
    year = {2019},
    eprint = {1906.11632},
    archivePrefix = {arXiv},
    primaryClass = {cs.LG}
}

@misc{gans,
    title = {Generative Adversarial Networks},
    author = {Ian J. Goodfellow and Jean Pouget-Abadie and Mehdi Mirza and Bing Xu and David Warde-Farley and Sherjil Ozair and Aaron Courville and Yoshua Bengio},
    year = {2014},
    eprint = {1406.2661},
    archivePrefix = {arXiv},
    primaryClass = {stat.ML}
}

@InProceedings{adversarial_training,
    author = {Shrivastava, Ashish and Pfister, Tomas and Tuzel, Oncel and Susskind, Joshua and Wang, Wenda and Webb, Russell},
    title = {Learning From Simulated and Unsupervised Images Through Adversarial Training},
    booktitle = {Proceedings of the IEEE Conference on Computer Vision and Pattern Recognition (CVPR)},
    month = {July},
    year = {2017}
}

@misc{sensitivity,
    title = {Sensitivity and Generalization in Neural Networks: an Empirical Study},
    author = {Roman Novak and Yasaman Bahri and Daniel A. Abolafia and Jeffrey Pennington and Jascha Sohl-Dickstein},
    year = {2018},
    eprint = {1802.08760},
    archivePrefix = {arXiv},
    primaryClass = {stat.ML}
}


@article{computer_vision,
    author = {Voulodimos, Athanasios and Doulamis, Nikolaos and Doulamis, Anastasios and Protopapadakis, Eftychios},
    year = {2018},
    month = {02},
    pages = {1-13},
    title = {Deep Learning for Computer Vision: A Brief Review},
    volume = {2018},
    journal = {Computational Intelligence and Neuroscience},
    doi = {10.1155/2018/7068349}
}

@article{shortcut_learning,
    title = {Shortcut learning in deep neural networks},
    volume = {2},
    ISSN = {2522-5839},
    url = {http://dx.doi.org/10.1038/s42256-020-00257-z},
    DOI = {10.1038/s42256-020-00257-z},
    number = {11},
    journal = {Nature Machine Intelligence},
    publisher = {Springer Science and Business Media LLC},
    author = {Geirhos, Robert and Jacobsen, Jörn-Henrik and Michaelis, Claudio and Zemel, Richard and Brendel, Wieland and Bethge, Matthias and Wichmann, Felix A.},
    year = {2020},
    month = {Nov},
    pages = {665–673}
}

@misc{modelbased,
    title = {Model-Based Robust Deep Learning: Generalizing to Natural, Out-of-Distribution Data},
    author = {Alexander Robey and Hamed Hassani and George J. Pappas},
    year = {2020},
    eprint = {2005.10247},
    archivePrefix = {arXiv},
    primaryClass = {cs.LG}
}

@article{cyclegan,
    author = {Sandfort, Veit and Yan, Ke and Pickhardt, Perry and Summers, Ronald},
    year = {2019},
    month = {11},
    pages = {},
    title = {Data augmentation using generative adversarial networks (CycleGAN) to improve generalizability in CT segmentation tasks},
    volume = {9},
    journal = {Scientific Reports},
    doi = {10.1038/s41598-019-52737-x}
}

@article{adversarial_attacks,
    title = {Evasion Attacks against Machine Learning at Test Time},
    ISBN = {9783642387098},
    ISSN = {1611-3349},
    url = {http://dx.doi.org/10.1007/978-3-642-40994-3_25},
    DOI = {10.1007/978-3-642-40994-3_25},
    journal = {Lecture Notes in Computer Science},
    publisher = {Springer Berlin Heidelberg},
    author = {Biggio, Battista and Corona, Igino and Maiorca, Davide and Nelson, Blaine and Šrndić, Nedim and Laskov, Pavel and Giacinto, Giorgio and Roli, Fabio},
    year = {2013},
    pages = {387–402}
}

@misc{IRM,
    title = {Invariant Risk Minimization},
    author = {Martin Arjovsky and Léon Bottou and Ishaan Gulrajani and David Lopez-Paz},
    year = {2020},
    eprint = {1907.02893},
    archivePrefix = {arXiv},
    primaryClass = {stat.ML}
}


@misc{corruption_robustness,
    title = {Benchmarking Neural Network Robustness to Common Corruptions and Perturbations},
    author = {Dan Hendrycks and Thomas Dietterich},
    year = {2019},
    eprint = {1903.12261},
    archivePrefix = {arXiv},
    primaryClass = {cs.LG}
}

@misc{noise_robustness,
    title = {Google's Cloud Vision API Is Not Robust To Noise},
    author = {Hossein Hosseini and Baicen Xiao and Radha Poovendran},
    year = {2017},
    eprint = {1704.05051},
    archivePrefix = {arXiv},
    primaryClass = {cs.CV}
}

@misc{texture_robustness,
    title = {ImageNet-trained CNNs are biased towards texture; increasing shape bias improves accuracy and robustness},
    author = {Robert Geirhos and Patricia Rubisch and Claudio Michaelis and Matthias Bethge and Felix A. Wichmann and Wieland Brendel},
    year = {2019},
    eprint = {1811.12231},
    archivePrefix = {arXiv},
    primaryClass = {cs.CV}
}

@inproceedings{retinopathy,
    author = {Beede, Emma and Baylor, Elizabeth and Hersch, Fred and Iurchenko, Anna and Wilcox, Lauren and Ruamviboonsuk, Paisan and Vardoulakis, Laura M.},
    title = {A Human-Centered Evaluation of a Deep Learning System Deployed in Clinics for the Detection of Diabetic Retinopathy},
    year = {2020},
    isbn = {9781450367080},
    publisher = {Association for Computing Machinery},
    address = {New York, NY, USA},
    url = {https://doi.org/10.1145/3313831.3376718},
    doi = {10.1145/3313831.3376718},
    booktitle = {Proceedings of the 2020 CHI Conference on Human Factors in Computing Systems},
    pages = {1–12},
    numpages = {12},
    keywords = {health, human-centered ai, deep learning, diabetes},
    location = {Honolulu, HI, USA},
    series = {CHI '20}
}

@misc{damour2020underspecification,
    title = {Underspecification Presents Challenges for Credibility in Modern Machine Learning},
    author = {Alexander D'Amour and Katherine Heller and Dan Moldovan and Ben Adlam and Babak Alipanahi and Alex Beutel and Christina Chen and Jonathan Deaton and Jacob Eisenstein and Matthew D. Hoffman and Farhad Hormozdiari and Neil Houlsby and Shaobo Hou and Ghassen Jerfel and Alan Karthikesalingam and Mario Lucic and Yian Ma and Cory McLean and Diana Mincu and Akinori Mitani and Andrea Montanari and Zachary Nado and Vivek Natarajan and Christopher Nielson and Thomas F. Osborne and Rajiv Raman and Kim Ramasamy and Rory Sayres and Jessica Schrouff and Martin Seneviratne and Shannon Sequeira and Harini Suresh and Victor Veitch and Max Vladymyrov and Xuezhi Wang and Kellie Webster and Steve Yadlowsky and Taedong Yun and Xiaohua Zhai and D. Sculley},
    year = {2020},
    eprint = {2011.03395},
    archivePrefix = {arXiv},
    primaryClass = {cs.LG}
}


@INPROCEEDINGS{lesion_based,
    author = {A. {Shah} and S. {Lynch} and M. {Niemeijer} and R. {Amelon} and W. {Clarida} and J. {Folk} and S. {Russell} and X. {Wu} and M. D. {Abràmoff}},
    booktitle = {2018 IEEE 15th International Symposium on Biomedical Imaging (ISBI 2018)},
    title = {Susceptibility to misdiagnosis of adversarial images by deep learning based retinal image analysis algorithms},
    year = {2018},
    volume = {},
    number = {},
    pages = {1454-1457},
    doi = {10.1109/ISBI.2018.8363846} }

@article{visual_cortex,
    author = {Dapello, Joel and Marques, Tiago and Schrimpf, Martin and Geiger, Franziska and Cox, David D. and DiCarlo, James J.},
    title = {Simulating a Primary Visual Cortex at the Front of CNNs Improves Robustness to Image Perturbations},
    elocation-id = {2020.06.16.154542},
    year = {2020},
    doi = {10.1101/2020.06.16.154542},
    publisher = {Cold Spring Harbor Laboratory},
    URL = {https://www.biorxiv.org/content/early/2020/06/17/2020.06.16.154542},
    eprint = {https://www.biorxiv.org/content/early/2020/06/17/2020.06.16.154542.full.pdf},
    journal = {bioRxiv}
}

@misc{gatedscnn,
    title = {Gated-SCNN: Gated Shape CNNs for Semantic Segmentation},
    author = {Towaki Takikawa and David Acuna and Varun Jampani and Sanja Fidler},
    year = {2019},
    eprint = {1907.05740},
    archivePrefix = {arXiv},
    primaryClass = {cs.CV}
}
@article{bias,
    author = {Kaushal, Amit and Altman, Russ and Langlotz, Curt},
    title = "{Geographic Distribution of US Cohorts Used to Train Deep Learning Algorithms}",
    journal = {JAMA},
    volume = {324},
    number = {12},
    pages = {1212-1213},
    year = {2020},
    month = {09},
    issn = {0098-7484},
    doi = {10.1001/jama.2020.12067},
    url = {https://doi.org/10.1001/jama.2020.12067},
    eprint = {https://jamanetwork.com/journals/jama/articlepdf/2770833/jama\_kaushal\_2020\_ld\_200073\_1600712104.82262.pdf},
}
@misc{rex,
    title = {Out-of-Distribution Generalization via Risk Extrapolation (REx)},
    author = {David Krueger and Ethan Caballero and Joern-Henrik Jacobsen and Amy Zhang and Jonathan Binas and Dinghuai Zhang and Remi Le Priol and Aaron Courville},
    year = {2021},
    eprint = {2003.00688},
    archivePrefix = {arXiv},
    primaryClass = {cs.LG}
}

@article{bias2,
    author = {Larrazabal, Agostina J. and Nieto, Nicol{\'a}s and Peterson, Victoria and Milone, Diego H. and Ferrante, Enzo},
    title = {Gender imbalance in medical imaging datasets produces biased classifiers for computer-aided diagnosis},
    volume = {117},
    number = {23},
    pages = {12592--12594},
    year = {2020},
    doi = {10.1073/pnas.1919012117},
    publisher = {National Academy of Sciences},
    issn = {0027-8424},
    URL = {https://www.pnas.org/content/117/23/12592},
    eprint = {https://www.pnas.org/content/117/23/12592.full.pdf},
    journal = {Proceedings of the National Academy of Sciences}
}

